@book{stull1988introduction,
  title={An introduction to boundary layer meteorology},
  author={Stull, R. B.},
  year={1988},
  publisher={Kluwer Academic Publishers},
  series={Atmospheric Sciences Library}
}
